% BibTex Verzeichnis: http://liinwww.ira.uka.de/bibliography/
% BibTex: http://lefti.amigager.de/latex/Bibtex.html
% DIN: http://www.haw-hamburg.de/pers/Lorenzen/bibtex/

@inproceedings{BlackburnGHKMBDFFGHHJLMPSVDW06,
  Author    = {Stephen M. Blackburn and
               Robin Garner and
               Chris Hoffmann and
               Asjad M. Khan and
               Kathryn S. McKinley and
               Rotem Bentzur and
               Amer Diwan and
               Daniel Feinberg and
               Daniel Frampton and
               Samuel Z. Guyer and
               Martin Hirzel and
               Antony L. Hosking and
               Maria Jump and
               Han Bok Lee and
               J. Eliot B. Moss and
               Aashish Phansalkar and
               Darko Stefanovic and
               Thomas VanDrunen and
               Daniel von Dincklage and
               Ben Wiedermann},
  title     = {The DaCapo benchmarks: java benchmarking development and
               analysis},
  booktitle = {OOPSLA},
  year      = {2006},
  pages     = {169-190},
  bibsource = {DBLP, http://dblp.uni-trier.de}
}

@article{Cheney70,
  author    = {C. J. Cheney},
  title     = {A Non-Recursive List Compacting Algorithm},
  journal   = {CACM},
  publisher = {ACM},
  volume    = {13},
  number    = {11},
  pages     = {677--8},
  month     = {Nov},
  year      = {1970},
}

@article{Clark76,
  author    = {Douglas W. Clark},
  title     = {An Efficient List Moving Algorithm Using Constant Workspace},
  journal   = {CACM},
  publisher = {ACM},
  volume    = {19},
  number    = {6},
  month     = {Jun},
  year      = {1976},
  pages     = {352--354},
}

@article{DeutschBobrow76,
  author    = {Deutsch, L. Peter and Bobrow, Daniel G.},
  title     = {An efficient, incremental, automatic garbage collector},
  journal   = {Commun. ACM},
  volume    = {19},
  number    = {9},
  year      = {1976},
  issn      = {0001-0782},
  pages     = {522--526},
  publisher = {ACM},
  address   = {New York, NY, USA},
}

@article{Dewar77,
  author    = {Robert B. K. Dewar and A. P. McCann},
  title     = {{MACRO} {SPITBOL} --- A {SNOBOL4} Compiler},
  journal   = {SPE},
  publisher = {Wiley},
  volume    = {7},
  number    = {1},
  pages     = {95--113},
  year      = {1977},
}

@inproceedings{DieckmannH99,
  author    = {Sylvia Dieckmann and Urs H{\"o}lzle},
  title     = {A Study of the Allocation Behavior of the SPECjvm98 Java Benchmark},
  booktitle = {ECOOP},
  year      = {1999},
  pages     = {92-115},
  ee        = {http://link.springer.de/link/service/series/0558/bibs/1628/16280092.htm},
  bibsource = {DBLP, http://dblp.uni-trier.de}
}

@article{FenichelYochelson69,
  author    = {Robert R. Fenichel and Jerome C. Yochelson},
  title     = {A {L}isp Garbage Collector for Virtual Memory Computer Systems},
  journal   = {CACM},
  publisher = {ACM},
  volume    = {12},
  number    = {11},
  month     = {Nov},
  year      = {1969},
  pages     = {611--612},
}

@article{Fisher74,
  author    = {David A. Fisher},
  title     = {Bounded Workspace Garbage Collection in an Address-Order
               Preserving List Processing Environment},
  journal   = {Inf. Process. Lett.},
  volume    = {3},
  number    = {1},
  year      = {1974},
  pages     = {29-32},
  bibsource = {DBLP, http://dblp.uni-trier.de}
}

@article{FitchNorman78,
  author    = {John P. Fitch and Arthur C. Norman},
  title     = {A Note on Compacting Garbage Collection},
  journal   = {CompJ},
  publisher = {BCS},
  volume    = {21},
  number    = {1},
  month     = {Feb},
  year      = {1978}, 
  pages     = {31--34},
}

@article{HaddonWaite67,
  author    = {B. K. Haddon and  W. M. Waite},
  title     = {A Compaction  Procedure  for  Variable Length Storage Elements},
  journal   = {CompJ},
  publisher = {BCS},
  volume    = {10},
  month     = {Aug},
  year      = {1967},
  pages     = {162--165},
}

@article{Hanson77,
  author    = {David R. Hanson},
  title     = {Storage Management for an Implementation of {S}nobol 4},
  journal   = {SPE},
  publisher = {Wiley},
  volume    = {7},
  number    = {2},
  pages     = {179--192},
  year      = {1977},
}

@article{Jonkers79,
  author    = {H. B. M. Jonkers},
  title     = {A Fast Garbage Compaction Algorithm},
  journal   = {Inf. Process. Lett.},
  volume    = {9},
  number    = {1},
  year      = {1979},
  pages     = {26-30},
  bibsource = {DBLP, http://dblp.uni-trier.de},
}

@techreport{LangWegbreit72,
  author      = {Bernard Lang and B. Wegbreit},
  title       = {Fast Compactification},
  number      = {25--72},
  institution = {Harvard University},
  address     = {Cambridge, MA},
  month       = {Nov},
  year        = {1972},
}

@techreport{Minsky63,
  author      = {Marvin L. Minsky},
  title       = {A {L}isp Garbage Collector Algorithm Using Serial Secondary Storage},
  number      = {Memo 58 (rev.)},
  institution = {Project MAC},
  address     = {MIT, Cambridge, MA},
  month       = {Dec},
  year        = {1963},
}

@article{Morris78,
  author    = {F. Lockwood Morris},
  title     = {A Time- and Space-Efficient Garbage Compaction Algorithm},
  journal   = {Commun. ACM},
  volume    = {21},
  number    = {8},
  year      = {1978},
  pages     = {662--665},
}

@misc{ObjectiveCaml,
  author = {X. Leroy and D Doligez and J. Garrigue and J. Vouillon},
  title = {The {O}bjective {C}aml system},
  year = {1996--2010},
  url = {http://caml.inria.fr/ocaml/}
}

@article{Reingold73,
  author    = {E. M. Reingold},
  title     = {A Non-Recursive List Moving Algorithm},
  journal   = {CACM}, 
  publisher = {ACM},
  volume    = {16},
  number    = {5},
  month     = {May},
  year      = {1973},
  pages     = {305--307},
}

@article{Thorelli76,
  author  = {Lars-Erik Thorelli},
  title   = {A Fast Compactifying Garbage Collector},
  journal = {BIT},
  volume  = {16},
  number  = {4},
  year    = {1976},
  pages   = {426--441},
}

@article{Wegbreit72,
  author    = {B. Wegbreit},
  title     = {A Generalised Compactifying Garbage Collector},
  journal   = {CompJ},
  publisher = {BCS},
  volume    = {15},
  number    = {3},
  month     = {Aug}, 
  year      = {1972},
  pages     = {204--208},
}

@article{WegielKrintz09,
  author    = {Wegiel, Michal and Krintz, Chandra},
  title     = {The single-referent collector: Optimizing compaction for the common case},
  journal   = {ACM Trans. Archit. Code Optim.},
  volume    = {6},
  number    = {4},
  year      = {2009},
  issn      = {1544-3566},
  pages     = {1--26},
  publisher = {ACM},
  address   = {New York, NY, USA},
}

