@book{AbadiCardelli96,
 author = {Abadi, Martin and Cardelli, Luca},
 title = {{A Theory of Objects}},
 year = {1996},
 isbn = {0387947752},
 edition = {1st},
 publisher = {Springer-Verlag New York, Inc.},
 address = {Secaucus, NJ, USA},
} 

@inproceedings{AbadiFiore96,
 author = {Abadi, Martin and Fiore, Marcelo P.},
 title = {{Syntactic Considerations on Recursive Types}},
 booktitle = {Proceedings of the 11th Annual IEEE Symposium on Logic in Computer Science},
 series = {LICS '96},
 year = {1996},
 isbn = {0-8186-7463-6},
 pages = {242--252},
 acmid = {788829},
 publisher = {IEEE Computer Society},
 address = {Washington, DC, USA},
}

@inproceedings{AhmedAppelVirga02,
 author = {Ahmed, Amal J. and Appel, Andrew W. and Virga, Roberto},
 title = {{A Stratified Semantics of General References Embeddable in Higher-Order Logic}},
 booktitle = {{Proceedings of the 17th Annual IEEE Symposium on Logic in Computer Science}},
 series = {LICS '02},
 year = {2002},
 isbn = {0-7695-1483-9},
 pages = {75--86},
 acmid = {664579},
 publisher = {IEEE Computer Society},
 address = {Washington, DC, USA},
}

@phdthesis{Ahmed04,
 author = {Ahmed, Amal Jamil},
 title = {Semantics of types for mutable state},
 year = {2004},
 school = {Princeton University},
 address = {Princeton, NJ, USA},
}

@inproceedings{AppelFelty00,
 author = {Appel, Andrew W. and Felty, Amy P.},
 title = {A semantic model of types and machine instructions for proof-carrying code},
 booktitle = {{Proceedings of the 27th ACM SIGPLAN-SIGACT symposium on Principles of programming languages}},
 series = {POPL '00},
 year = {2000},
 isbn = {1-58113-125-9},
 location = {Boston, MA, USA},
 pages = {243--253},
 numpages = {11},
 acmid = {325727},
 publisher = {ACM},
 address = {New York, NY, USA},
} 

@article{AppelMcAllester01,
 author = {Appel, Andrew W. and McAllester, David},
 title = {An indexed model of recursive types for foundational proof-carrying code},
 journal = {ACM Trans. Program. Lang. Syst.},
 volume = {23},
 issue = {5},
 month = {September},
 year = {2001},
 issn = {0164-0925},
 pages = {657--683},
 numpages = {27},
 acmid = {504712},
 publisher = {ACM},
 address = {New York, NY, USA}
} 

@inproceedings{CousotCousot92,
 author = {Cousot, Patrick and Cousot, Radhia},
 title = {Inductive definitions, semantics and abstract interpretations},
 booktitle = {{P}roceedings of the 19th {ACM} {SIGPLAN-SIGACT} symposium on {P}rinciples of programming languages},
 series = {{POPL} '92},
 year = {1992},
 isbn = {0-89791-453-8},
 location = {Albuquerque, New Mexico, United States},
 pages = {83--94},
 numpages = {12},
 acmid = {143184},
 publisher = {ACM},
 address = {New York, NY, USA},
} 

@article{CousotCousot07,
 author = {Cousot, Patrick and Cousot, Radhia},
 title = {Bi-inductive Structural Semantics},
 journal = {Electron. Notes Theor. Comput. Sci.},
 volume = {192},
 number = {1},
 month = {October},
 year = {2007},
 issn = {1571-0661},
 pages = {29--44},
 numpages = {16},
 publisher = {Elsevier Science Publishers B. V.},
 address = {Amsterdam, The Netherlands},
}

@article{Crary99,
 author = {Crary, Karl and Harper, Robert and Puri, Sidd},
 title = {What is a recursive module?},
 journal = {SIGPLAN Not.},
 volume = {34},
 issue = {5},
 month = {May},
 year = {1999},
 issn = {0362-1340},
 pages = {50--63},
 numpages = {14},
 acmid = {301641},
 publisher = {ACM},
 address = {New York, NY, USA},
}

@article{Fisher94,
 author = {Fisher, Kathleen and Honsell, Furio and Mitchell, John C.},
 title = {A lambda calculus of objects and method specialization},
 journal = {Nordic J. of Computing},
 volume = {1},
 issue = {1},
 month = {March},
 year = {1994},
 issn = {1236-6064},
 pages = {3--37},
 numpages = {35},
 acmid = {640188},
 publisher = {Publishing Association Nordic Journal of Computing},
}

@inproceedings{FlattKrishnamurthiFelleisen98,
 author = {Flatt, Matthew and Krishnamurthi, Shriram and Felleisen, Matthias},
 title = {Classes and mixins},
 booktitle = {Proceedings of the 25th ACM SIGPLAN-SIGACT symposium on Principles of programming languages},
 series = {POPL '98},
 year = {1998},
 isbn = {0-89791-979-3},
 location = {San Diego, California, United States},
 pages = {171--183},
 numpages = {13},
 acmid = {268961},
 publisher = {ACM},
 address = {New York, NY, USA},
}

@phdthesis{Hritcu07,
  title = {{A Step-indexed Semantic Model of Types for the Functional Object Calculus}},
  author = {Catalin Hritcu},
  year = {2007},
  type = {{M.Sc. thesis}},
  school = {{Programming Systems Lab, Department of Informatics, Saarland University}},
}

@article{HritcuSchwinghammer09,
  author    = {Catalin Hritcu and Jan Schwinghammer},
  title     = {A {S}tep-indexed {S}emantics of {I}mperative {O}bjects},
  journal   = {{L}ogical {M}ethods in {C}omputer {S}cience},
  volume    = {5},
  number    = {4},
  month     = {December},
  pages     = {1--48},
  year      = {2009},
}

@inproceedings{IbraheemSchmidt98,
    author = {Husain Ibraheem and David A. Schmidt},
    title = {Adapting {B}ig-{S}tep {S}emantics to {S}mall-{S}tep {S}tyle: {C}oinductive {I}nterpretations and ``{H}igher-{O}rder'' {D}erivations},
    booktitle = {Proc. 2nd Workshop on Higher-Order Techniques in Operational Semantics (HOOTS2)},
    editor = {C. Talcott},
    year = {1998},
    publisher = {Elsevier},
}

@article{IgarashiPierceWadler01,
 author = {Igarashi, Atsushi and Pierce, Benjamin C. and Wadler, Philip},
 title = {{F}eatherweight {J}ava: a minimal core calculus for {J}ava and {GJ}},
 journal = {ACM Trans. Program. Lang. Syst.},
 volume = {23},
 issue = {3},
 month = {May},
 year = {2001},
 issn = {0164-0925},
 pages = {396--450},
 numpages = {55},
 acmid = {503505},
 publisher = {ACM},
 address = {New York, NY, USA},
}

@inproceedings{Kahn87,
 author = {Kahn, Gilles},
 title = {Natural {S}emantics},
 booktitle = {Proceedings of the 4th Annual Symposium on Theoretical Aspects of Computer Science},
 series = {STACS '87},
 year = {1987},
 isbn = {3-540-17219-X},
 pages = {22--39},
 numpages = {18},
 acmid = {696269},
 publisher = {Springer-Verlag},
 address = {London, UK},
}

@article{LeroyGrall09,
  author = {Xavier Leroy and Hervé Grall },
  title = {Coinductive big-step operational semantics},
  journal = {Information and Computation},
  volume = {207},
  number = {2},
  pages = {284--304},
  year = {2009},
}

@book{Pierce02,
 author = {Pierce, Benjamin C.},
 title = {{Types and Programming Languages}},
 year = {2002},
 isbn = {0-262-16209-1},
 publisher = {MIT Press},
 address = {Cambridge, MA, USA},
} 

@article{Plotkin04,
  author = {Gordon D. Plotkin},
  booktitle = {Structural Operational Semantics},
  journal = {Journal of Logic and Algebraic Programming},
  pages = {3--15},
  title = {The origins of structural operational semantics},
  volume = {60-61},
  year = 2004,
}

@techreport{Plotkin81,
  institution = {University of Aarhus},
  author = {Gordon D. Plotkin},
  number = {DAIMI FN-19},
  title = {A {S}tructural {A}pproach to {O}perational {S}emantics},
  year = {1981},
}

@phdthesis{Tofte87,
  author = {Tofte, Mads},
  title = {{O}perational {S}emantics and {P}olymorphic {T}ype {I}nference},
  school = {University of Edinburgh},
  year = {1987},
}

@article{WrightFelleisen94,
 author = {Wright, Andrew K. and Felleisen, Matthias},
 title = {A syntactic approach to type soundness},
 journal = {Inf. Comput.},
 volume = {115},
 issue = {1},
 month = {November},
 year = {1994},
 issn = {0890-5401},
 pages = {38--94},
 numpages = {57},
 acmid = {191909},
 publisher = {Academic Press, Inc.},
 address = {Duluth, MN, USA},
} 
