@manual{Amd09Vol1,
  organization = {Advanced Micro Devices, Inc},
  title = {AMD64 Architecture Programmer's Manual Volume 1: Application Programming},
  year = {2009},
  month = {Nov},
  note = {\url{http://developer.amd.com/documentation/guides/Pages/default.aspx}}
}

@inproceedings{Arnold04,
  author = {Matthew Arnold and Stephen J. Fink and David Grove and Michael Hind and Peter F. Sweeney},
  title = {A {S}urvey of {A}daptive {O}ptimization in {V}irtual {M}achines},
  booktitle = {Proceedings of the IEEE, 93(2), 2005. Special issue on program generation, optimization, and adaptation},
  year = {2004},
}

@article{Bell73,
  author = {James R. Bell},
  title = {Threaded Code},
  journal = {Communications of the {ACM}},
  year = 1973,
  volume = 16,
  number = 6,
  pages = {370--372}
}

@misc{Bonzini10,
  author = {Paolo Bonzini and others},
  title = {{GNU} {L}ightning library},
  year = {2010},
  howpublished = {\url{http://www.gnu.org/software/lightning/}}
}

@misc{Bornstein08,
  author = {Dan Bornstein},
  title = {Dalvik VM Internals},
  year = {2008},
  note = {\url{http://sites.google.com/site/io/dalvik-vm-internals/}},
  month = {May}
}

@inproceedings{Cuthbertson09,
  author = {Cuthbertson, John and Viswanathan, Sandhya and Bobrovsky, Konstantin and Astapchuk, Alexander and Srinivasan, Eric Kaczmarek.  Uma},
  title = {A Practical Approach to Hardware Performance Monitoring Based Dynamic Optimizations in a Production JVM},
  booktitle = {CGO '09: Proceedings of the 7th annual IEEE/ACM International Symposium on Code Generation and Optimization},
  year = 2009,
  isbn = {978-0-7695-3576-0},
  pages = {190--199},
  publisher = {IEEE Computer Society},
  address = {Washington, DC, USA},
}

@manual{Ecma335,
  organization = {{ECMA} {I}nternational},
  edition = {4th},
  title = {{S}tandard {ECMA-335} - {C}ommon {L}anguage {I}nfrastructure {(CLI)}},
  note = {\url{http://www.ecma-international.org/publications/standards/Ecma-335.htm}},
  year = {2006},
  month = {June},
}

@Article{ErtlGregg03,
  author = {M. Anton Ertl and David Gregg},
  title = {The Structure and Performance of Efficient Interpreters},
  journal = {The Journal of Instruction-Level Parallelism},
  year = {2003},
  volume = {5},
  month = {Nov},
  pages = {1--25}
}

@manual{Intel10Vol1,
  organization = {Intel Corporation},
  title = {Intel 64 and IA-32 Architectures Software Developer's Manual Volume 1: Basic Architecture},
  year = {2010},
  month = {June},
  note = {\url{http://www.intel.com/products/processor/manuals/}}
}

@misc{Ierusalimschy96,
  author = {Roberto Ierusalimschy and Luiz Henrique de Figueiredo and Luiz Henrique and Figueiredo Waldemar and Waldemar Celes Filho},
  title = {Lua - an {E}xtensible {E}xtension {L}anguage},
  year = {1996}
}

@inproceedings{Ierusalimschy07,
  author = {Roberto Ierusalimschy and Luiz Henrique de Figueiredo and Waldemar Celes},
  title = {The evolution of lua},
  booktitle = {HOPL III: {P}roceedings of the 3rd {ACM} {SIGPLAN} {C}onference on {H}istory of {P}rograming {L}anguages},
  year = {2007},
  publisher = {ACM Press}
}

@MastersThesis{Lattner02,
  author  = {Chris Lattner},
  title   = {{LLVM}: An Infrastructure for Multi-Stage Optimization},
  school  = {Computer Science Dept., University of Illinois at Urbana-Champaign},
  year    = 2002,
  address = {Urbana, IL},
  month   = {Dec}
}

@InProceedings{Lattner04,
  author    = {Chris Lattner and Vikram Adve},
  title     = {{LLVM}: A Compilation Framework for Lifelong Program Analysis \& Transformation},
  booktitle = {Proceedings of the 2004 International Symposium on Code Generation and Optimization (CGO'04)},
  address   = {Palo Alto, California},
  month     = {Mar},
  year      = {2004}
}

@misc{Leroy10,
  author = {Xavier Leroy and
            Damien Doligez and
            Alain Frisch and
            Jacques Garrigue and
            Didier Remy and
            Jerome Vouillon and
            others},
  title = {The {OCAML} language (version 3.12)},
  year = {2010},
  howpublished = {\url{http://caml.inria.fr/}}
}

@book{LindholmYellin99,
  author = {Lindholm, Tim and Yellin, Frank},
  day = {24},
  edition = {2nd},
  howpublished = {Paperback},
  isbn = {0201432943},
  month = {April},
  publisher = {Prentice Hall PTR},
  title = {{T}he {Java(TM)} {V}irtual {M}achine {S}pecification},
  year = {1999}
}

@manual{Matz10,
  author = {Michael Matz and Jan Hubicka and Andreas Jaeger and Mark Mitchell},
  title = {System V Application Binary Interface: {AMD64} Architecture Processor Supplement (Draft Version 0.99.5)},
  month = {Sep},
  year = {2010},
  note = {\url{http://www.x86-64.org/documentation.html}}
}

@misc{Pall10,
  author = {Mike Pall},
  title = {Lua{JIT}},
  year = {2010},
  note = {\url{http://luajit.org/}},
}

@misc{Starynkevitch04,
  author = {Basile Starynkevitch},
  year = {2004},
  title = {{OCAMLJIT} a faster {J}ust-{I}n-{T}ime {O}caml {I}mplementation},
}

@article{Vaswani03,
  author = {Kapil Vaswani and Y. N. Srikant},
  title = {Dynamic recompilation and profile-guided optimisations for a {.NET} {JIT} compiler},
  journal = {IEE Proceedings - Software},
  volume = {150},
  number = {5},
  year = {2003},
  pages = {296-302},
}

