@article{Appel01,
 author = {Appel, Andrew W. and McAllester, David},
 title = {An indexed model of recursive types for foundational proof-carrying code},
 journal = {ACM Trans. Program. Lang. Syst.},
 volume = {23},
 issue = {5},
 month = {September},
 year = {2001},
 issn = {0164-0925},
 pages = {657--683},
 numpages = {27},
 acmid = {504712},
 publisher = {ACM},
 address = {New York, NY, USA}
} 

@article{CousotCousot07,
 author = {Cousot, Patrick and Cousot, Radhia},
 title = {Bi-inductive Structural Semantics},
 journal = {Electron. Notes Theor. Comput. Sci.},
 volume = {192},
 number = {1},
 month = {October},
 year = {2007},
 issn = {1571-0661},
 pages = {29--44},
 numpages = {16},
 publisher = {Elsevier Science Publishers B. V.},
 address = {Amsterdam, The Netherlands},
}

@inproceedings{IbraheemSchmidt98,
    author = {Husain Ibraheem and David A. Schmidt},
    title = {Adapting {B}ig-{S}tep {S}emantics to {S}mall-{S}tep {S}tyle: {C}oinductive {I}nterpretations and "{H}igher-{O}rder" {D}erivations},
    booktitle = {In Second Workshop on Higher-Order Techniques in Operational Semantics (HOOTS2)},
    year = 1998,
    publisher = {Elsevier}
}

@inproceedings{Kahn87,
 author = {Kahn, Gilles},
 title = {Natural {S}emantics},
 booktitle = {Proceedings of the 4th Annual Symposium on Theoretical Aspects of Computer Science},
 series = {STACS '87},
 year = {1987},
 isbn = {3-540-17219-X},
 pages = {22--39},
 numpages = {18},
 acmid = {696269},
 publisher = {Springer-Verlag},
 address = {London, UK},
}

@article{LeroyGrall09,
  author = {Xavier Leroy and Hervé Grall },
  title = {Coinductive big-step operational semantics},
  journal = {Information and Computation},
  volume = {207},
  number = {2},
  pages = {284--304},
  year = {2009},
}

@book{Pierce02,
 author = {Pierce, Benjamin C.},
 title = {Types and programming languages},
 year = {2002},
 isbn = {0-262-16209-1},
 publisher = {MIT Press},
 address = {Cambridge, MA, USA},
} 

@article{Plotkin04,
  author = {Gordon D. Plotkin},
  booktitle = {Structural Operational Semantics},
  journal = {Journal of Logic and Algebraic Programming},
  pages = {3--15},
  title = {The origins of structural operational semantics},
  volume = {60-61},
  year = 2004,
}

@techreport{Plotkin81,
  institution = {University of Aarhus},
  author = {Gordon D. Plotkin},
  number = {DAIMI FN-19},
  title = {A {S}tructural {A}pproach to {O}perational {S}emantics},
  year = {1981},
}

@phdthesis{Tofte87,
  author = {Tofte, Mads},
  title = {{O}perational {S}emantics and {P}olymorphic {T}ype {I}nference},
  school = {University of Edinburgh},
  year = {1987}
} 