@book{DBLP:books/teu/LoeckxMW86,
  author    = {Jacques Loeckx and
               Kurt Mehlhorn and
               Reinhard Wilhelm},
  title     = {Grundlagen der Programmiersprachen},
  publisher = {Teubner},
  year      = {1986},
  isbn      = {3-519-02254-0},
  ee        = {http://www.mpi-sb.mpg.de/$\sim$mehlhorn/ProgLangBooks.html},
  bibsource = {DBLP, http://dblp.uni-trier.de}
}
